<record><leader>00000cas a22000007a 4500</leader><controlfield tag="001">20534295</controlfield><controlfield tag="008">891023d19uu1985pauwr ne      0    0eng d</controlfield><datafield ind1=" " ind2=" " tag="010"><subfield code="a">sn 90069034 </subfield></datafield><datafield ind1=" " ind2=" " tag="040"><subfield code="a">NPH</subfield><subfield code="b">eng</subfield><subfield code="c">NPH</subfield><subfield code="d">OCL</subfield><subfield code="d">OCLCQ</subfield></datafield><datafield ind1=" " ind2=" " tag="042"><subfield code="a">msc</subfield></datafield><datafield ind1=" " ind2="4" tag="050"><subfield code="a">HD9723</subfield><subfield code="b">.G8 1962</subfield></datafield><datafield ind1="0" ind2=" " tag="130"><subfield code="a">Merchandiser (Mount Joy, Pa. : Columbia, Mountville, Wrightsville ed.)</subfield></datafield><datafield ind1="1" ind2="4" tag="245"><subfield code="a">The Merchandiser.</subfield></datafield><datafield ind1=" " ind2=" " tag="250"><subfield code="a">Columbia, Mountville, Wrightsville ed.</subfield></datafield><datafield ind1=" " ind2=" " tag="260"><subfield code="a">Mount Joy, Pa. :</subfield><subfield code="b">Alvin Engle Associates,</subfield><subfield code="c">-1985.</subfield></datafield><datafield ind1=" " ind2=" " tag="300"><subfield code="a">v. :</subfield><subfield code="b">ill. ;</subfield><subfield code="c">43 cm.</subfield></datafield><datafield ind1=" " ind2=" " tag="310"><subfield code="a">Weekly</subfield></datafield><datafield ind1="0" ind2=" " tag="362"><subfield code="a">-v. 26, no. 9 (Mar. 27, 1985).</subfield></datafield><datafield ind1=" " ind2=" " tag="588"><subfield code="a">Description based on: New ser., v. 21, no. 44 (Dec. 5, 1979).</subfield></datafield><datafield ind1=" " ind2=" " tag="752"><subfield code="a">United States</subfield><subfield code="b">Pennsylvania</subfield><subfield code="c">Lancaster</subfield><subfield code="d">Mount Joy.</subfield></datafield><datafield ind1="0" ind2=" " tag="775"><subfield code="t">Merchandiser (Mount Joy, Pa.)</subfield><subfield code="w">(DLC)sn 79002754</subfield></datafield><datafield ind1="0" ind2="6" tag="785"><subfield code="t">Elizabethtown-Mount Joy merchandiser</subfield><subfield code="w">(DLC)sn 89077197</subfield></datafield><datafield ind1="0" ind2="6" tag="785"><subfield code="t">Columbia-Wrightsville-Mountville merchandiser</subfield><subfield code="w">(DLC)sn 90069035</subfield></datafield><datafield ind1="1" ind2=" " tag="029"><subfield code="a">AU@</subfield><subfield code="b">000020578916</subfield></datafield></record>